
@article{Moroi:1995yh,
      author         = "Moroi, Takeo",
      title          = "{The Muon anomalous magnetic dipole moment in the minimal
                        supersymmetric standard model}",
      journal        = "Phys. Rev.",
      volume         = "D53",
      year           = "1996",
      pages          = "6565-6575",
      doi            = "10.1103/PhysRevD.53.6565, 10.1103/PhysRevD.56.4424",
      note           = "[Erratum: Phys. Rev.D56,4424(1997)]",
      eprint         = "hep-ph/9512396",
      archivePrefix  = "arXiv",
      primaryClass   = "hep-ph",
      reportNumber   = "LBL-38099",
      SLACcitation   = "%%CITATION = HEP-PH/9512396;%%"
}
%%% contains utf-8, see: https://inspirehep.net/info/faq/general#utf8
%%% add \usepackage[utf8]{inputenc} to your latex preamble

@article{Fargnoli:2013zda,
      author         = "Fargnoli, H. G. and Gnendiger, C. and Paßehr, S. and
                        Stöckinger, D. and Stöckinger-Kim, H.",
      title          = "{Non-decoupling two-loop corrections to $(g-2)_\mu$ from
                        fermion/sfermion loops in the MSSM}",
      journal        = "Phys. Lett.",
      volume         = "B726",
      year           = "2013",
      pages          = "717-724",
      doi            = "10.1016/j.physletb.2013.09.034",
      eprint         = "1309.0980",
      archivePrefix  = "arXiv",
      primaryClass   = "hep-ph",
      SLACcitation   = "%%CITATION = ARXIV:1309.0980;%%"
}
%%% contains utf-8, see: https://inspirehep.net/info/faq/general#utf8
%%% add \usepackage[utf8]{inputenc} to your latex preamble

@article{Fargnoli:2013zia,
      author         = "Fargnoli, Helvecio and Gnendiger, Christoph and Paßehr,
                        Sebastian and Stöckinger, Dominik and Stöckinger-Kim,
                        Hyejung",
      title          = "{Two-loop corrections to the muon magnetic moment from
                        fermion/sfermion loops in the MSSM: detailed results}",
      journal        = "JHEP",
      volume         = "02",
      year           = "2014",
      pages          = "070",
      doi            = "10.1007/JHEP02(2014)070",
      eprint         = "1311.1775",
      archivePrefix  = "arXiv",
      primaryClass   = "hep-ph",
      SLACcitation   = "%%CITATION = ARXIV:1311.1775;%%"
}
%%% contains utf-8, see: https://inspirehep.net/info/faq/general#utf8
%%% add \usepackage[utf8]{inputenc} to your latex preamble

@article{Athron:2015rva,
      author         = "Athron, Peter and Bach, Markus and Fargnoli, Helvecio G.
                        and Gnendiger, Christoph and Greifenhagen, Robert and
                        Park, Jae-hyeon and Paßehr, Sebastian and Stöckinger,
                        Dominik and Stöckinger-Kim, Hyejung and Voigt, Alexander",
      title          = "{GM2Calc: Precise MSSM prediction for $(g - 2)$ of the
                        muon}",
      journal        = "Eur. Phys. J.",
      volume         = "C76",
      year           = "2016",
      number         = "2",
      pages          = "62",
      doi            = "10.1140/epjc/s10052-015-3870-2",
      eprint         = "1510.08071",
      archivePrefix  = "arXiv",
      primaryClass   = "hep-ph",
      reportNumber   = "COEPP-MN-15-10, DESY-15-193, FTUV-15-6502, IFIC-15-76",
      SLACcitation   = "%%CITATION = ARXIV:1510.08071;%%"
}
